@ARTICLE{Alcorn2004,
AUTHOR="{J. Alcorn \emph{et al.}}",
TITLE="{Basic Instrumentation for Hall A at Jefferson Lab}",
JOURNAL="Nucl. Instr. Meth. Phys. Res. A",
YEAR="2004",
VOLUME="522",
PAGES="294"
}

@ARTICLE{Orlandini1991,                                                                                                    
AUTHOR="{G. Orlandini and M. Traini}",                                                                                     
TITLE="{Sum rules for electron-nucleus scattering}",                 
JOURNAL="Reports on Progress in Physics",                                                                                                
YEAR="1991",                                                                                                           
VOLUME="54",                                                                                                           
PAGES="257"                                                                                                           
}                                                                                                                      

@ARTICLE{Meziani2001,                                                                                                    
AUTHOR="{J. Morgenstern and Z.E. Meziani}",                                                                                     
TITLE="{Is the Coulomb sum rule violated in nuclei?}",                 
JOURNAL="Phys. Lett.",                                                                                                
YEAR="2001",                                                                                                           
VOLUME="B515",                                                                                                           
PAGES="259"                                                                                                           
}                                                                                                                      

@ARTICLE{Jourdan1995,                                                                                                    
AUTHOR="{J. Jourdan}",                                                                                     
JOURNAL="Physics Letters B",                                                                                                
YEAR="1995",                                                                                                           
VOLUME="353",                                                                                                           
PAGES="189"                                                                                                           
}                                                                                                                      

@ARTICLE{Schiavilla1987,                                                                                                    
AUTHOR="{R. Schiavilla, D. Lewart, V. Pandharipande, S. C. Pieper, R. Wiringa, and S. Fantoni}",
JOURNAL="Nuclear Physics A",                                                                                                
YEAR="1987",                                                                                                           
VOLUME="473",                                                                                                           
PAGES="267"                                                                                                           
}                                                                                                                      

@ARTICLE{Noble1981,                                                                                                    
AUTHOR="{J. V. Nobel}",
JOURNAL="Phys. Rev. Lett.",                                                                                                
YEAR="1981",                                                                                                           
VOLUME="46",                                                                                                           
PAGES="412"                                                                                                           
}                                                                                                                      

@ARTICLE{Altemus1980,                                                                                                    
AUTHOR="{R. Altemus, A. Cafolla, D. Day, J. S. McCarthy, R. R. Whitney, and J. E. Wise}",
JOURNAL="Phys. Rev. Lett.",                                                                                                
YEAR="1980",                                                                                                           
VOLUME="44",                                                                                                           
PAGES="965"                                                                                                           
}                                                                                                                      
